@article{Bouquin,
title = {The budgeted maximum coverage problem},
journal = {Information Processing Letters},
volume = {70},
number = {1},
pages = {39-45},
year = {1999},
issn = {0020-0190},
author = {Samir Khuller and Anna Moss and Joseph (Seffi) Naor},
}
